@article{hector1999plant,
  title={Plant diversity and productivity experiments in European grasslands},
  author={Hector, Aea and Schmid, B and Beierkuhnlein, C and Caldeira, MC and Diemer, M and Dimitrakopoulos, PG and Finn, JA and Freitas, H and Giller, PS and Good, J and others},
  journal={science},
  volume={286},
  number={5442},
  pages={1123--1127},
  year={1999},
  publisher={American Association for the Advancement of Science}
}